\begin{filecontents}{references.bib}
@article{cai2012,
author = {Cai T. T. and Jeng J. X. and Li H.},
title = {Robust Detection and Identification of Sparse Segments in Ultra-High Dimensional Data Analysis},
publisher = {J. R. Stat. Soc. Series B Stat Methodol},
year = {2012}
}

@article{yoon2009,
author = {Seungtai Yoon and Zhenyu Xuan and Vladimir Makarov and  Kenny Ye  and Jonathan Sebat},
title = {Sensitive and accurate detection of copy number variants using read depth of coverage},
publisher = {Some Jurnal},
year = {2009}
}

@article{coella2007,
	author = {Stefano Colella and Christopher Yau and Jennifer M. Taylor and Ghazala Mirza and
	Helen Butler and Penny Clouston and Anne S. Bassett and Anneke Seller and Christopher C. Holmes and Jiannis Ragoussis},
	title = {QuantiSNP: an Objective Bayes Hidden-Markov
	Model to detect and accurately map copy number
	variation using SNP genotyping data},
	publisher = {Nuclic Acids Research},
	year = {2007}
}

@article{Wang2007,
	author = {Kai Wang and Mingyao Li and Dexter Hadley and Rui Liu and Joseph Glessner and
	Struan F.A. Grant and Hakon Hakonarson and Maja Bucan },
	title = {PennCNV: An integrated hidden Markov model
	designed for high-resolution copy number variation
	detection in whole-genome SNP genotyping data},
	publisher = {Genome Research},
	year = {2007}
}

@article{rocha2012,
author = {Miguel Rocha and Pedro G. Ferreira},
title = {Bioinformatics algorithsm. Design and Implementation in Python},
publisher = {Academic Press},
year = {2012}
}

@article{rabiner2009,
author = {Rabiner L. R.},
title = {A tutorial on Hidden Markov Models and selected applications in speech recognition},
publisher = {Some Jurnal},
year = {2009}
}
\end{filecontents}
